{
  "leader": "02584cas a2200565 i 4500",
  "fields": [
    {
      "001": "ocm05841953\\"
    },
    {
      "003": "OCoLC"
    },
    {
      "005": "20211119110027.0"
    },
    {
      "008": "800103d19411991fluar\\\\\\\\\\\\\\\\\\1\\\\\\a0eng\\d"
    },
    {
      "010": {
        "ind1": "\\",
        "ind2": "\\",
        "subfields": [
          {
            "a": "sn 85004793 "
          }
        ]
      }
    },
    {
      "012": {
        "ind1": "\\",
        "ind2": "\\",
        "subfields": [
          {
            "i": "9208"
          },
          {
            "j": "0"
          }
        ]
      }
    },
    {
      "016": {
        "ind1": "7",
        "ind2": "\\",
        "subfields": [
          {
            "a": "7506111"
          },
          {
            "2": "DNLM"
          }
        ]
      }
    },
    {
      "016": {
        "ind1": "7",
        "ind2": "\\",
        "subfields": [
          {
            "a": "T16020000"
          },
          {
            "2": "DNLM"
          }
        ]
      }
    },
    {
      "019": {
        "ind1": "\\",
        "ind2": "\\",
        "subfields": [
          {
            "a": "1518433"
          }
        ]
      }
    },
    {
      "022": {
        "ind1": "0",
        "ind2": "\\",
        "subfields": [
          {
            "a": "0066-9598"
          },
          {
            "l": "0066-9598"
          },
          {
            "2": "1"
          }
        ]
      }
    },
    {
      "030": {
        "ind1": "\\",
        "ind2": "\\",
        "subfields": [
          {
            "a": "TALIAI"
          }
        ]
      }
    },
    {
      "035": {
        "ind1": "\\",
        "ind2": "\\",
        "subfields": [
          {
            "a": "(OCoLC)5841953"
          },
          {
            "z": "(OCoLC)1518433"
          }
        ]
      }
    },
    {
      "037": {
        "ind1": "\\",
        "ind2": "\\",
        "subfields": [
          {
            "b": "Association of Life Insurance Medical Directors of America, 200 Berkeley St., Boston, MA 02117"
          }
        ]
      }
    },
    {
      "040": {
        "ind1": "\\",
        "ind2": "\\",
        "subfields": [
          {
            "a": "NYG"
          },
          {
            "b": "eng"
          },
          {
            "c": "NYG"
          },
          {
            "d": "HUL"
          },
          {
            "d": "NSD"
          },
          {
            "d": "RCS"
          },
          {
            "d": "OCL"
          },
          {
            "d": "MUL"
          },
          {
            "d": "OCL"
          },
          {
            "d": "AIP"
          },
          {
            "d": "NSD"
          },
          {
            "d": "AIP"
          },
          {
            "d": "NST"
          },
          {
            "d": "NSD"
          },
          {
            "d": "WAU"
          },
          {
            "d": "OCL"
          },
          {
            "d": "NLM"
          },
          {
            "d": "OCLCQ"
          },
          {
            "d": "LVB"
          },
          {
            "d": "OCLCQ"
          },
          {
            "d": "OCLCF"
          },
          {
            "d": "OCLCO"
          },
          {
            "d": "OCL"
          },
          {
            "d": "OCLCO"
          },
          {
            "d": "OCLCQ"
          },
          {
            "d": "OCLCO"
          },
          {
            "d": "GILDS"
          },
          {
            "d": "OCLCO"
          },
          {
            "d": "OCLCA"
          },
          {
            "d": "OCLCO"
          }
        ]
      }
    },
    {
      "042": {
        "ind1": "\\",
        "ind2": "\\",
        "subfields": [
          {
            "a": "nsdp"
          }
        ]
      }
    },
    {
      "060": {
        "ind1": "0",
        "ind2": "0",
        "subfields": [
          {
            "a": "W1"
          },
          {
            "b": "TR225Q"
          }
        ]
      }
    },
    {
      "082": {
        "ind1": "0",
        "ind2": "4",
        "subfields": [
          {
            "a": "368.32"
          },
          {
            "b": "TRA"
          }
        ]
      }
    },
    {
      "210": {
        "ind1": "0",
        "ind2": "\\",
        "subfields": [
          {
            "a": "Trans. Assoc. Life Insur. Med. Dir. Am. annu. meet."
          }
        ]
      }
    },
    {
      "222": {
        "ind1": "\\",
        "ind2": "0",
        "subfields": [
          {
            "a": "Transactions of the Association of Life Insurance Medical Directors of America, annual meeting"
          }
        ]
      }
    },
    {
      "245": {
        "ind1": "0",
        "ind2": "0",
        "subfields": [
          {
            "a": "Transactions of the Association of Life Insurance Medical Directors of America, annual meeting."
          }
        ]
      }
    },
    {
      "260": {
        "ind1": "\\",
        "ind2": "\\",
        "subfields": [
          {
            "a": "Tampa, Fla. :"
          },
          {
            "b": "Klay Printing"
          }
        ]
      }
    },
    {
      "300": {
        "ind1": "\\",
        "ind2": "\\",
        "subfields": [
          {
            "a": "volumes :"
          },
          {
            "b": "illustrations ;"
          },
          {
            "c": "24 cm"
          }
        ]
      }
    },
    {
      "310": {
        "ind1": "\\",
        "ind2": "\\",
        "subfields": [
          {
            "a": "Annual"
          }
        ]
      }
    },
    {
      "336": {
        "ind1": "\\",
        "ind2": "\\",
        "subfields": [
          {
            "a": "text"
          },
          {
            "b": "txt"
          },
          {
            "2": "rdacontent"
          }
        ]
      }
    },
    {
      "337": {
        "ind1": "\\",
        "ind2": "\\",
        "subfields": [
          {
            "a": "unmediated"
          },
          {
            "b": "n"
          },
          {
            "2": "rdamedia"
          }
        ]
      }
    },
    {
      "338": {
        "ind1": "\\",
        "ind2": "\\",
        "subfields": [
          {
            "a": "volume"
          },
          {
            "b": "nc"
          },
          {
            "2": "rdacarrier"
          }
        ]
      }
    },
    {
      "362": {
        "ind1": "0",
        "ind2": "\\",
        "subfields": [
          {
            "a": "28th-v. 75; 1941-1991."
          }
        ]
      }
    },
    {
      "515": {
        "ind1": "\\",
        "ind2": "\\",
        "subfields": [
          {
            "a": "No meetings held 1943-1945."
          }
        ]
      }
    },
    {
      "515": {
        "ind1": "\\",
        "ind2": "\\",
        "subfields": [
          {
            "a": "Issues for 1941-42, 1946-1991 called also 52d-53d, 55th-100th annual meeting."
          }
        ]
      }
    },
    {
      "550": {
        "ind1": "\\",
        "ind2": "\\",
        "subfields": [
          {
            "a": "Issued by the Association of Life Insurance Medical Directors of America."
          }
        ]
      }
    },
    {
      "555": {
        "ind1": "\\",
        "ind2": "\\",
        "subfields": [
          {
            "a": "<1940>-1946 in 1946; 1947-1951."
          }
        ]
      }
    },
    {
      "650": {
        "ind1": "\\",
        "ind2": "0",
        "subfields": [
          {
            "a": "Life insurance"
          },
          {
            "x": "Medical examinations"
          },
          {
            "v": "Congresses."
          }
        ]
      }
    },
    {
      "650": {
        "ind1": "\\",
        "ind2": "7",
        "subfields": [
          {
            "a": "Life insurance"
          },
          {
            "x": "Medical examinations."
          },
          {
            "2": "fast"
          },
          {
            "0": "(OCoLC)fst01725588"
          }
        ]
      }
    },
    {
      "650": {
        "ind1": "\\",
        "ind2": "2",
        "subfields": [
          {
            "a": "Insurance, Life"
          }
        ]
      }
    },
    {
      "650": {
        "ind1": "\\",
        "ind2": "2",
        "subfields": [
          {
            "a": "Medicine"
          }
        ]
      }
    },
    {
      "655": {
        "ind1": "\\",
        "ind2": "7",
        "subfields": [
          {
            "a": "Conference papers and proceedings."
          },
          {
            "2": "fast"
          },
          {
            "0": "(OCoLC)fst01423772"
          }
        ]
      }
    },
    {
      "655": {
        "ind1": "\\",
        "ind2": "2",
        "subfields": [
          {
            "a": "Periodical"
          }
        ]
      }
    },
    {
      "710": {
        "ind1": "2",
        "ind2": "\\",
        "subfields": [
          {
            "a": "Association of Life Insurance Medical Directors of America."
          }
        ]
      }
    },
    {
      "780": {
        "ind1": "0",
        "ind2": "0",
        "subfields": [
          {
            "a": "Association of Life Insurance Medical Directors of America."
          },
          {
            "t": "Abstract of the proceedings of the annual meeting of the Association of Life Insurance Medical Directors of America"
          },
          {
            "x": "0734-6239"
          },
          {
            "w": "(DLC)sc 80001214"
          },
          {
            "w": "(OCoLC)1643515"
          }
        ]
      }
    },
    {
      "785": {
        "ind1": "0",
        "ind2": "0",
        "subfields": [
          {
            "a": "American Academy of Insurance Medicine. Meeting."
          },
          {
            "t": "Transactions of the American Academy of Insurance Medicine"
          },
          {
            "x": "1064-4709"
          },
          {
            "w": "(DLC)sn 92000258"
          },
          {
            "w": "(OCoLC)26293875"
          }
        ]
      }
    },
    {
      "850": {
        "ind1": "\\",
        "ind2": "\\",
        "subfields": [
          {
            "a": "CU-AM"
          }
        ]
      }
    },
    {
      "936": {
        "ind1": "\\",
        "ind2": "\\",
        "subfields": [
          {
            "a": "v. 65 (surrogate)"
          }
        ]
      }
    },
    {
      "948": {
        "ind1": "\\",
        "ind2": "\\",
        "subfields": [
          {
            "h": "NO HOLDINGS IN NYRVC - 87 OTHER HOLDINGS"
          }
        ]
      }
    },
    {
      "994": {
        "ind1": "\\",
        "ind2": "\\",
        "subfields": [
          {
            "a": "Z0"
          },
          {
            "b": "NYRVC"
          }
        ]
      }
    },
    {
      "999": {
        "ind1": "\\",
        "ind2": "\\",
        "subfields": [
          {
            "a": "no barcode"
          },
          {
            "v": "volume 37"
          }
        ]
      }
    }
  ]
}